<?xml version="1.0" encoding="UTF-8"?><collection xmlns="http://www.loc.gov/MARC21/slim"><record><leader>00615nam--2200181-i-4500</leader><controlfield tag="001">000039881</controlfield><controlfield tag="002">20161230</controlfield><controlfield tag="005">20161230201042</controlfield><controlfield tag="008">060222s1000------------r-----000-0-fre-d</controlfield><datafield ind1=" " ind2=" " tag="040"><subfield code="a">IFIN-HH</subfield></datafield><datafield ind1=" " ind2=" " tag="041"><subfield code="a">fre</subfield></datafield><datafield ind1=" " ind2=" " tag="080"><subfield code="a">535.374(043)</subfield></datafield><datafield ind1="1" ind2=" " tag="100"><subfield code="a">Roux, Francoise</subfield></datafield><datafield ind1="1" ind2="0" tag="245"><subfield code="a">Intensites absolues et forces d`oscillateur per spectrometrie d`emission infra-rouge a haute resolution dans les spectres de vibration-rotation du radical oh et de la molecule co</subfield><subfield code="b">These</subfield><subfield code="c">Francoise roux</subfield></datafield><datafield ind1=" " ind2=" " tag="260"><subfield code="a">Lyon</subfield><subfield code="b">Universite Claude Bernard</subfield><subfield code="c">1973</subfield></datafield><datafield ind1=" " ind2=" " tag="300"><subfield code="a">241P</subfield></datafield><datafield ind1=" " ind2=" " tag="852"><subfield code="a">74090</subfield><subfield code="c">535.37</subfield></datafield><datafield ind1=" " ind2=" " tag="CAT"><subfield code="a">Sys</subfield><subfield code="c">20110428</subfield><subfield code="h">140305</subfield></datafield></record></collection>